@article{stock2002macroeconomic,
  title={Macroeconomic forecasting using diffusion indexes},
  author={Stock, James H and Watson, Mark W},
  journal={Journal of Business \& Economic Statistics},
  volume={20},
  number={2},
  pages={147--162},
  year={2002},
  publisher={Taylor \& Francis}
}

@article{luciani2014large,
  title={Large-dimensional dynamic factor models in real-time: A survey},
  author={Luciani, Matteo},
  journal={Available at SSRN 2511872},
  year={2014}
}

@article{高华川2015动态因子模型及其应用研究综述,
  title={动态因子模型及其应用研究综述},
  author={高华川 and 张晓峒},
  journal={统计研究},
  volume={32},
  number={12},
  pages={101--109},
  year={2015}
}

@article{eickmeier2008successful,
  title={How successful are dynamic factor models at forecasting output and inflation? A meta-analytic approach},
  author={Eickmeier, Sandra and Ziegler, Christina},
  journal={Journal of Forecasting},
  volume={27},
  number={3},
  pages={237--265},
  year={2008},
  publisher={Wiley Online Library}
}

@article{stock1999forecasting,
  title={Forecasting inflation},
  author={Stock, James H and Watson, Mark W},
  journal={Journal of Monetary Economics},
  volume={44},
  number={2},
  pages={293--335},
  year={1999},
  publisher={Elsevier}
}

@article{stock1999business,
  title={Business cycle fluctuations in US macroeconomic time series},
  author={Stock, James H and Watson, Mark W},
  journal={Handbook of macroeconomics},
  volume={1},
  pages={3--64},
  year={1999},
  publisher={Elsevier}
}

@article{chan1999dynamic,
  title={A dynamic factor model framework for forecast combination},
  author={Chan, Yeung Lewis and Stock, James H and Watson, Mark W},
  journal={Spanish Economic Review},
  volume={1},
  number={2},
  pages={91--121},
  year={1999},
  publisher={Springer}
}

@article{baccini1996l1,
  title={A L1-norm PCA and a heuristic approach},
  author={Baccini, Alain and Besse, Ph and Falguerolles, A},
  journal={Ordinal and symbolic data analysis},
  volume={1},
  number={1},
  pages={359--368},
  year={1996},
  publisher={Citeseer}
}

@article{bai2002determining,
  title={Determining the number of factors in approximate factor models},
  author={Bai, Jushan and Ng, Serena},
  journal={Econometrica},
  volume={70},
  number={1},
  pages={191--221},
  year={2002},
  publisher={Wiley Online Library}
}

@article{stock2002forecasting,
  title={Forecasting using principal components from a large number of predictors},
  author={Stock, James H and Watson, Mark W},
  journal={Journal of the American statistical association},
  volume={97},
  number={460},
  pages={1167--1179},
  year={2002},
  publisher={Taylor \& Francis}
}

@article{stock1989new,
  title={New indexes of coincident and leading economic indicators},
  author={Stock, James H and Watson, Mark W},
  journal={NBER macroeconomics annual},
  volume={4},
  pages={351--394},
  year={1989},
  publisher={MIT press}
}

@article{forni2000generalized,
  title={The generalized dynamic-factor model: Identification and estimation},
  author={Forni, Mario and Hallin, Marc and Lippi, Marco and Reichlin, Lucrezia},
  journal={Review of Economics and statistics},
  volume={82},
  number={4},
  pages={540--554},
  year={2000},
  publisher={MIT Press}
}

@article{sargent1977business,
  title={Business cycle modeling without pretending to have too much a priori economic theory},
  author={Sargent, Thomas J and Sims, Christopher A and others},
  journal={New methods in business cycle research},
  volume={1},
  pages={145--168},
  year={1977}
}

@misc{chamberlain1982arbitrage,
  title={Arbitrage, factor structure, and mean-variance analysis on large asset markets},
  author={Chamberlain, Gary and Rothschild, Michael},
  year={1982},
  publisher={National Bureau of Economic Research Cambridge, Mass., USA}
}

@inproceedings{park2016iteratively,
  title={Iteratively reweighted least squares algorithms for L1-norm principal component analysis},
  author={Park, Young Woong and Klabjan, Diego},
  booktitle={2016 IEEE 16th International Conference on Data Mining (ICDM)},
  pages={430--438},
  year={2016},
  organization={IEEE}
}

@article{geweke1977dynamic,
  title={The dynamic factor analysis of economic time series},
  author={Geweke, John},
  journal={Latent variables in socio-economic models},
  year={1977},
  publisher={North-Holland}
}

@article{park2021optimization,
  title={Optimization for L 1-Norm Error Fitting via Data Aggregation},
  author={Park, Young Woong},
  journal={Informs Journal on Computing},
  volume={33},
  number={1},
  pages={120--142},
  year={2021},
  publisher={INFORMS}
}

@article{mccoy2010two,
  title={Two proposals for robust PCA using semidefinite programming},
  author={McCoy, Michael and Tropp, Joel},
  journal={arXiv preprint arXiv:1012.1086},
  year={2010}
}

@article{markopoulos2014optimal,
  title={Optimal algorithms for $ L\_ $\{$1$\}$ $-subspace signal processing},
  author={Markopoulos, Panos P and Karystinos, George N and Pados, Dimitris A},
  journal={IEEE Transactions on Signal Processing},
  volume={62},
  number={19},
  pages={5046--5058},
  year={2014},
  publisher={IEEE}
}

@inproceedings{nie2011robust,
  title={Robust principal component analysis with non-greedy l1-norm maximization},
  author={Nie, Feiping and Huang, Heng and Ding, Chris and Luo, Dijun and Wang, Hua},
  booktitle={IJCAI proceedings-international joint conference on artificial intelligence},
  volume={22},
  number={1},
  pages={1433},
  year={2011}
}

@article{svn,
  author  = {Xi Chen and Weidong Liu and Xiaojun Mao and Zhuoyi Yang},
  title   = {Distributed High-dimensional  Regression Under a Quantile Loss Function},
  journal = {Journal of Machine Learning Research},
  year    = {2020},
  volume  = {21},
  number  = {182},
  pages   = {1-43},
  url     = {http://jmlr.org/papers/v21/20-297.html}
}

@inproceedings{ke2005robust,
  title={Robust l-1 norm factorization in the presence of outliers and missing data by alternative convex programming},
  author={Ke, Qifa and Kanade, Takeo},
  booktitle={2005 IEEE Computer Society Conference on Computer Vision and Pattern Recognition (CVPR'05)},
  volume={1},
  pages={739--746},
  year={2005},
  organization={IEEE}
}

@article{black1996unification,
  title={On the unification of line processes, outlier rejection, and robust statistics with applications in early vision},
  author={Black, Michael J and Rangarajan, Anand},
  journal={International journal of computer vision},
  volume={19},
  number={1},
  pages={57--91},
  year={1996},
  publisher={Springer}
}

@inproceedings{visentin2016robust,
  title={Robust principal component analysis by reverse iterative linear programming},
  author={Visentin, Andrea and Prestwich, Steven and Tarim, S Armagan},
  booktitle={Joint European Conference on Machine Learning and Knowledge Discovery in Databases},
  pages={593--605},
  year={2016},
  organization={Springer}
}

@inproceedings{eriksson2010efficient,
  title={Efficient computation of robust low-rank matrix approximations in the presence of missing data using the L 1 norm},
  author={Eriksson, Anders and Van Den Hengel, Anton},
  booktitle={2010 IEEE Computer Society Conference on Computer Vision and Pattern Recognition},
  pages={771--778},
  year={2010},
  organization={IEEE}
}

@inproceedings{park2016iteratively,
  title={Iteratively reweighted least squares algorithms for L1-norm principal component analysis},
  author={Park, Young Woong and Klabjan, Diego},
  booktitle={2016 IEEE 16th International Conference on Data Mining (ICDM)},
  pages={430--438},
  year={2016},
  organization={IEEE}
}

@article{markopoulos2017efficient,
  title={Efficient L1-norm principal-component analysis via bit flipping},
  author={Markopoulos, Panos P and Kundu, Sandipan and Chamadia, Shubham and Pados, Dimitris A},
  journal={IEEE Transactions on Signal Processing},
  volume={65},
  number={16},
  pages={4252--4264},
  year={2017},
  publisher={IEEE}
}

@article{markopoulos2014optimal,
  title={Optimal algorithms for L1-subspace signal processing},
  author={Markopoulos, Panos P and Karystinos, George N and Pados, Dimitris A},
  journal={IEEE Transactions on Signal Processing},
  volume={62},
  number={19},
  pages={5046--5058},
  year={2014},
  publisher={IEEE}
}

@article{kwak2008principal,
  title={Principal component analysis based on L1-norm maximization},
  author={Kwak, Nojun},
  journal={IEEE transactions on pattern analysis and machine intelligence},
  volume={30},
  number={9},
  pages={1672--1680},
  year={2008},
  publisher={IEEE}
}

@inproceedings{nie2011robust,
  title={Robust principal component analysis with non-greedy l1-norm maximization},
  author={Nie, Feiping and Huang, Heng and Ding, Chris and Luo, Dijun and Wang, Hua},
  booktitle={IJCAI proceedings-international joint conference on artificial intelligence},
  volume={22},
  number={1},
  pages={1433},
  year={2011}
}

@article{ke2003robust,
  title={Robust subspace computation using L1 norm},
  author={Ke, Qifa and Kanade, Takeo},
  year={2003},
  publisher={Carnegie Mellon University}
}

@inproceedings{ding2006r,
  title={R 1-pca: rotational invariant l 1-norm principal component analysis for robust subspace factorization},
  author={Ding, Chris and Zhou, Ding and He, Xiaofeng and Zha, Hongyuan},
  booktitle={Proceedings of the 23rd international conference on Machine learning},
  pages={281--288},
  year={2006}
}

@article{ke2003robust,
  title={Robust subspace computation using L1 norm},
  author={Ke, Qifa and Kanade, Takeo},
  year={2003},
  publisher={Carnegie Mellon University}
}

@article{galpin1987methods,
  title={Methods of L1 estimation of a covariance matrix},
  author={Galpin, Jacqueline S and Hawkins, Douglas M},
  journal={Computational Statistics \& Data Analysis},
  volume={5},
  number={4},
  pages={305--319},
  year={1987},
  publisher={Elsevier}
}

@article{brooks2013pure,
  title={A pure L1-norm principal component analysis},
  author={Brooks, J Paul and Dul{\'a}, Jos{\'e} H and Boone, Edward L},
  journal={Computational statistics \& data analysis},
  volume={61},
  pages={83--98},
  year={2013},
  publisher={Elsevier}
}

@article{choulakian2006l1,
  title={L1-norm projection pursuit principal component analysis},
  author={Choulakian, Vartan},
  journal={Computational statistics \& data analysis},
  volume={50},
  number={6},
  pages={1441--1451},
  year={2006},
  publisher={Elsevier}
}


@article{gao2008robust,
  title={Robust L1 principal component analysis and its Bayesian variational inference},
  author={Gao, Junbin},
  journal={Neural computation},
  volume={20},
  number={2},
  pages={555--572},
  year={2008},
  publisher={MIT Press}
}